
@article{hllhc_tdr,
	Author = {Apollinari G., Bejar Alonso I., Bruning O. \textit{et al.}},
	Journal = {CERN-2017-007-M},
	Title = {High-Luminosity Large Hadron Collider (HL-LHC) : Technical Design Report V.0.1},
	Year = {2017}}

@article{ats,
	Author = {Fartoukh S.},
	Journal = {Physical Review Special Topics - Accelerators and beams, 16, 111002},
	volume = {16},
	Title = {Achromatic telescopic squeeze and application to the LHC and its luminosity upgrade.},
	Year = {2013}}
	
	
@article{slhcv3,
	Author = {De Maria R., Fartoukh S.},
	Journal = {sLHC-PROJECT-REPORT-0050},
	Title = {SLHCV3.0: layout, optics and long term stability},
	Year = {2010}}

@Misc{ms10_ppt1,
    title = {Review of Q5 in IR6 and MS10 in IR1-5 },
    institution = {CERN},
	author = {De Maria R., Fartoukh S, Giovannozzi M.},
    howpublished = "\url{https://indico.cern.ch/event/340523/}"}

@Misc{ms10_ppt2,
    title = {New optics layout (v1.3) and possible simplifications (MS10)},
    institution = {CERN, 7th HL-LHC annual meeting, Madrid 14/11/2017},
	author = {De Maria R., Van der Veken F., Giovannozzi M.},
    howpublished = "\url{https://indico.cern.ch/event/647714/contributions/2646094/contribution.pdf}"}

@article{hllhcv14,
	Author = {De Maria R., Bruce R., Gamba D., Giovannozzi M., Plassard F.},
	Journal = {Proceedings of IPAC 2019},
	Title = {HL-LHC optics and layout HLLHCV1.4},
	Year = {2019}}
	

@article{ptc,
	Author = {Forest. E, Schmidt F., Mcintosh E.},
	Journal = {Technical Report CERN-SL-2002-044 / KEK 2002-03},
	Title = {Introduction to the Polymorphic Tracking Code},
	Year = {2002}}
	
	
@article{twissrdt,
	Author = {Deniau L., Latina A., Persson T., Shreyber I., Skowronski P., Burkhardt H., De Maria R., Giovannozzi M., Jowett J.M., Schmidt F., Glable T.},
	Journal = {Proceedings for ICAP2018, Key West, FL, USA},
	Title = {Upgrade of MAD-X for HL-LHC project and FCC studies},
	Year = {2002}}

@article{hllhc_param1,
	Author = {Bruce R., Bracco C., De Maria R., Giovannozzi M., Redaelli S., Tomas R., Velotti F., Wenninger J.},
	Journal = {CERN-ACC-2014-0044},
	Title = {Parameters for HL-LHC aperture calculations},
	Year = {2014}}	

@article{hllhc_param2,
	Author = {Bruce R., Bracco C., De Maria R., Giovannozzi M., Redaelli S., Tomas R., Velotti F., Wenninger J.},
	Journal = {CERN-ACC-2017-0051},
	Title = {Updated parameters for HL-LHC aperture calculations for proton beams},
	Year = {2017}}	
	
@article{six1,
	Author = {Schmidt F.},
	Journal = {CERN/SL/94-56(AP)},
	Title = {SixTrack - Version 4.2.16 - Single Particle Tracking Code Treating Transverse Motion with Synchrotron Oscillations in a Symplectic Manner - User Reference Manual},
	Year = {2012}}	
	
@article{six2,
	url={http://sixtrack-ng.web.cern.ch/sixtrack-ng/}}

@article{sixdesk,
	Author = {McIntosh E., De Maria R.},
	Journal = {CERN-ATS-TE-2012-089 TECH},
	Title = {The SixDesk Run Environment for SixTrack},
	Year = {2012}}	
	
	